<?xml version="1.0" encoding="UTF-8"?><collection xmlns="http://www.loc.gov/MARC21/slim"><record><leader>00612nam--2200193-i-4500</leader><controlfield tag="001">000040901</controlfield><controlfield tag="002">20161230</controlfield><controlfield tag="005">20161230201042</controlfield><controlfield tag="008">060222s1000------------r-----000-0-rum-d</controlfield><datafield ind1=" " ind2=" " tag="040"><subfield code="a">IFIN-HH</subfield></datafield><datafield ind1=" " ind2=" " tag="041"><subfield code="a">rum</subfield></datafield><datafield ind1=" " ind2=" " tag="080"><subfield code="a">539.234:537.534.35(043)</subfield></datafield><datafield ind1="1" ind2=" " tag="100"><subfield code="a">Scortaru, Maria-anca</subfield></datafield><datafield ind1="1" ind2="0" tag="245"><subfield code="a">Aplicarea microscopiei ionice de cimp la studiul structurii unor retele cristaline</subfield><subfield code="b">Teza</subfield><subfield code="c">Maria-anca scortaru</subfield></datafield><datafield ind1=" " ind2=" " tag="260"><subfield code="a">Bucuresti</subfield><subfield code="b">Institutul De Fizica Si Ing.Nuclera</subfield><subfield code="c">1981</subfield></datafield><datafield ind1=" " ind2=" " tag="300"><subfield code="a">173P</subfield></datafield><datafield ind1=" " ind2=" " tag="502"><subfield code="a">Conducator Stiintific: Dr. Nicolae Vilcov</subfield></datafield><datafield ind1=" " ind2=" " tag="852"><subfield code="a">49323</subfield><subfield code="c">539.23</subfield></datafield><datafield ind1=" " ind2=" " tag="CAT"><subfield code="a">Sys</subfield><subfield code="c">20121218</subfield><subfield code="h">161821</subfield></datafield></record></collection>